@misc{openapispec,
title = "{The OpenAPI Specification}",
author = "{OpenAPI Initiative}",
howpublished = "\url{https://swagger.io/specification/}",
note = "[Accessed 2020-11-01]"
}

@misc{emptypaths,
title = "{ACL Constraints - The OpenAPI Specification}",
author = "{OpenAPI Initiative}",
howpublished = "\url{https://swagger.io/specification/#security-filtering}",
note = "[Accessed 2020-11-01]"
}

@misc{servervariables,
title = "{Server Variables - The OpenAPI Specification}",
author = "{OpenAPI Initiative}",
howpublished = "\url{https://swagger.io/specification/#server-variable-object}",
note = "[Accessed 2020-11-01]"
}

@misc{parameters,
title = "{Parameters - The OpenAPI Specification}",
author = "{OpenAPI Initiative}",
howpublished = "\url{https://swagger.io/specification/#parameter-object}",
note = "[Accessed 2020-11-01]"
}

@misc{mediatypes,
title = "{Media Types - The OpenAPI Specification}",
author = "{OpenAPI Initiative}",
howpublished = "\url{https://swagger.io/specification/#media-types}",
note = "[Accessed 2020-11-01]"
}

@misc{extensions,
title = "{OpenAPI Extensions - The OpenAPI Specification}",
author = "{OpenAPI Initiative}",
howpublished = "\url{https://swagger.io/specification/openapi-extensions}",
note = "[Accessed 2020-11-01]"
}

@misc{runtimeexpressions,
title = "{Runtime Expressions - The OpenAPI Specification}",
author = "{OpenAPI Initiative}",
howpublished = "\url{https://swagger.io/specification/#runtime-expressions}",
note = "[Accessed 2020-11-01]"
}

@misc{linkedoperations,
title = "{Linked Operations - The OpenAPI Specification}",
author = "{OpenAPI Initiative}",
howpublished = "\url{https://swagger.io/specification/#linked-operations}",
note = "[Accessed 2020-11-01]"
}

@misc{aggregateschemas,
title = "{oneOf, anyOf, allOf, not - The OpenAPI Specification}",
author = "{OpenAPI Initiative}",
howpublished = "\url{https://swagger.io/docs/specification/data-models/oneof-anyof-allof-not/}",
note = "[Accessed 2020-11-01]"
}

@misc{components,
title = "{Components - The OpenAPI Specification}",
author = "{OpenAPI Initiative}",
howpublished = "\url{https://swagger.io/docs/specification/components/}",
note = "[Accessed 2020-11-01]"
}

@misc{openapivsswagger,
title = "{TDC: Structural Improvements: explaining the 3.0 spec, part 2
}",
author = "{OpenAPI Initiative}",
howpublished = "\url{https://www.openapis.org/news/blogs/2016/10/tdc-structural-improvements-explaining-30-spec-part-2}",
note = "[Accessed 2020-11-01]"
}